@ARTICLE{GW170817,
       author = {{Abbott}, B.~P. and {Abbott}, R. and {Abbott}, T.~D. and {Acernese}, F.
        and {Ackley}, K. and {Adams}, C. and {Adams}, T. and {Addesso},
        P. and {Adhikari}, R.~X. and {Adya}, V.~B. and {Affeldt}, C. and
        {Afrough}, M. and {Agarwal}, B. and {Agathos}, M. and
        {Agatsuma}, K. and {Aggarwal}, N. and {Aguiar}, O.~D. and
        {Aiello}, L. and {Ain}, A. and {Ajith}, P. and {Allen}, B. and
        {Allen}, G. and {Allocca}, A. and {Altin}, P.~A. and {Amato}, A.
        and {Ananyeva}, A. and {Anderson}, S.~B. and {Anderson}, W.~G.
        and {Angelova}, S.~V. and {Antier}, S. and {Appert}, S. and
        {Arai}, K. and {Araya}, M.~C. and {Areeda}, J.~S. and {Arnaud},
        N. and {Arun}, K.~G. and {Ascenzi}, S. and {Ashton}, G. and
        {Ast}, M. and {Aston}, S.~M. and {Astone}, P. and others},
        title = "{GW170817: Observation of Gravitational Waves from a Binary Neutron Star
        Inspiral}",
      journal = {\prl},
     keywords = {General Relativity and Quantum Cosmology, Astrophysics - High Energy
        Astrophysical Phenomena},
         year = 2017,
        month = Oct,
       volume = {119},
          eid = {161101},
        pages = {161101},
          doi = {10.1103/PhysRevLett.119.161101},
       adsurl = {https://ui.adsabs.harvard.edu/#abs/2017PhRvL.119p1101A},
      adsnote = {Provided by the SAO/NASA Astrophysics Data System}
}

@ARTICLE{GW170817-H0,
       author = {{Abbott}, B.~P. and {Abbott}, R. and {Abbott}, T.~D. and {Acernese}, F.
        and {Ackley}, K. and {Adams}, C. and {Adams}, T. and {Addesso},
        P. and {Adhikari}, R.~X. and {Adya}, V.~B. and {Affeldt}, C. and
        {Afrough}, M. and {Agarwal}, B. and {Agathos}, M. and
        {Agatsuma}, K. and {Aggarwal}, N. and {Aguiar}, O.~D. and
        {Aiello}, L. and {Ain}, A. and {Ajith}, P. and {Allen}, B. and
        {Allen}, G. and {Allocca}, A. and {Altin}, P.~A. and {Amato}, A.
        and {Ananyeva}, A. and {Anderson}, S.~B. and {Anderson}, W.~G.
        and {Angelova}, S.~V. and {Antier}, S. and {Appert}, S. and
        {Arai}, K. and {Araya}, M.~C. and {Areeda}, J.~S. and {Arnaud},
        N. and {Arun}, K.~G. and {Ascenzi}, S. and {Ashton}, G. and
        {Ast}, M. and {Aston}, S.~M. and {Astone}, P. and others},
        title = "{A gravitational-wave standard siren measurement of the Hubble constant}",
      journal = {\nat},
     keywords = {Astrophysics - Cosmology and Nongalactic Astrophysics},
         year = 2017,
        month = Nov,
       volume = {551},
        pages = {85-88},
          doi = {10.1038/nature24471},
       adsurl = {https://ui.adsabs.harvard.edu/#abs/2017Natur.551...85A},
      adsnote = {Provided by the SAO/NASA Astrophysics Data System}
}

@ARTICLE{Chen2017,
       author = {{Chen}, Hsin-Yu and {Fishbach}, Maya and {Holz}, Daniel E.},
        title = "{A 2 per cent Hubble constant measurement from standard sirens within 5
        years}",
      journal = {ArXiv e-prints},
     keywords = {Astrophysics - Cosmology and Nongalactic Astrophysics, Astrophysics -
        High Energy Astrophysical Phenomena},
         year = 2017,
        month = Dec,
          eid = {arXiv:1712.06531},
        pages = {arXiv:1712.06531},
archivePrefix = {arXiv},
       eprint = {1712.06531},
       adsurl = {https://ui.adsabs.harvard.edu/#abs/2017arXiv171206531C},
      adsnote = {Provided by the SAO/NASA Astrophysics Data System}
}

@ARTICLE{Heger2002,
       author = {{Heger}, A. and {Woosley}, S.~E.},
        title = "{The Nucleosynthetic Signature of Population III}",
      journal = {\apj},
     keywords = {Nuclear Reactions, Nucleosynthesis, Abundances, Stars: Early-Type,
        Stars: Supernovae: General, Astrophysics},
         year = 2002,
        month = Mar,
       volume = {567},
        pages = {532-543},
          doi = {10.1086/338487},
archivePrefix = {arXiv},
       eprint = {astro-ph/0107037},
       adsurl = {https://ui.adsabs.harvard.edu/#abs/2002ApJ...567..532H},
      adsnote = {Provided by the SAO/NASA Astrophysics Data System}
}

@ARTICLE{Belczynski2016,
       author = {{Belczynski}, K. and {Heger}, A. and {Gladysz}, W. and {Ruiter}, A.~J.
        and {Woosley}, S. and {Wiktorowicz}, G. and {Chen}, H. -Y. and
        {Bulik}, T. and {O'Shaughnessy}, R. and {Holz}, D.~E. and
        {Fryer}, C.~L. and {Berti}, E.},
        title = "{The effect of pair-instability mass loss on black-hole mergers}",
      journal = {\aap},
     keywords = {stars: massive, black hole physics, gravitational waves, Astrophysics -
        High Energy Astrophysical Phenomena},
         year = 2016,
        month = Oct,
       volume = {594},
          eid = {A97},
        pages = {A97},
          doi = {10.1051/0004-6361/201628980},
       adsurl = {https://ui.adsabs.harvard.edu/#abs/2016A&A...594A..97B},
      adsnote = {Provided by the SAO/NASA Astrophysics Data System}
}

@ARTICLE{Woosley2017,
       author = {{Woosley}, S.~E.},
        title = "{Pulsational Pair-instability Supernovae}",
      journal = {\apj},
     keywords = {stars: black holes, stars: evolution, gravitational waves,
        hydrodynamics, nuclear reactions, nucleosynthesis, abundances,
        supernovae: general, Astrophysics - High Energy Astrophysical
        Phenomena, Astrophysics - Solar and Stellar Astrophysics},
         year = 2017,
        month = Feb,
       volume = {836},
          eid = {244},
        pages = {244},
          doi = {10.3847/1538-4357/836/2/244},
       adsurl = {https://ui.adsabs.harvard.edu/#abs/2017ApJ...836..244W},
      adsnote = {Provided by the SAO/NASA Astrophysics Data System}
}

@ARTICLE{Spera2017,
       author = {{Spera}, Mario and {Mapelli}, Michela},
        title = "{Very massive stars, pair-instability supernovae and intermediate-mass
        black holes with the sevn code}",
      journal = {\mnras},
     keywords = {black hole physics, gravitational waves, methods: numerical, stars:
        mass-loss, supernovae: general, Astrophysics - Solar and Stellar
        Astrophysics, Astrophysics - High Energy Astrophysical Phenomena},
         year = 2017,
        month = Oct,
       volume = {470},
        pages = {4739-4749},
          doi = {10.1093/mnras/stx1576},
       adsurl = {https://ui.adsabs.harvard.edu/#abs/2017MNRAS.470.4739S},
      adsnote = {Provided by the SAO/NASA Astrophysics Data System}
}

@ARTICLE{Schutz1986,
       author = {{Schutz}, Bernard F.},
        title = "{Determining the Hubble constant from gravitational wave observations}",
      journal = {\nat},
     keywords = {Astrometry, Gravitational Waves, Hubble Constant, Binary Stars,
        Gravitational Wave Antennas, Kilometric Waves, Neutron Stars,
        Orbit Decay, Astrophysics},
         year = 1986,
        month = Sep,
       volume = {323},
        pages = {310-311},
          doi = {10.1038/323310a0},
       adsurl = {https://ui.adsabs.harvard.edu/#abs/1986Natur.323..310S},
      adsnote = {Provided by the SAO/NASA Astrophysics Data System}
}

@ARTICLE{Bohe2017,
   author = {{Boh{\'e}}, A. and {Shao}, L. and {Taracchini}, A. and {Buonanno}, A. and
	{Babak}, S. and {Harry}, I.~W. and {Hinder}, I. and {Ossokine}, S. and
	{P{\"u}rrer}, M. and {Raymond}, V. and {Chu}, T. and {Fong}, H. and
	{Kumar}, P. and {Pfeiffer}, H.~P. and {Boyle}, M. and {Hemberger}, D.~A. and
	{Kidder}, L.~E. and {Lovelace}, G. and {Scheel}, M.~A. and {Szil{\'a}gyi}, B.
	},
    title = "{Improved effective-one-body model of spinning, nonprecessing binary black holes for the era of gravitational-wave astrophysics with advanced detectors}",
  journal = {\prd},
archivePrefix = "arXiv",
   eprint = {1611.03703},
 primaryClass = "gr-qc",
     year = 2017,
    month = feb,
   volume = 95,
   number = 4,
      eid = {044028},
    pages = {044028},
      doi = {10.1103/PhysRevD.95.044028},
   adsurl = {http://adsabs.harvard.edu/abs/2017PhRvD..95d4028B},
  adsnote = {Provided by the SAO/NASA Astrophysics Data System}
}

@ARTICLE{Smith2016,
   author = {{Smith}, R. and {Field}, S.~E. and {Blackburn}, K. and {Haster}, C.-J. and
	{P{\"u}rrer}, M. and {Raymond}, V. and {Schmidt}, P.},
    title = "{Fast and accurate inference on gravitational waves from precessing compact binaries}",
  journal = {\prd},
archivePrefix = "arXiv",
   eprint = {1604.08253},
 primaryClass = "gr-qc",
     year = 2016,
    month = aug,
   volume = 94,
   number = 4,
      eid = {044031},
    pages = {044031},
      doi = {10.1103/PhysRevD.94.044031},
   adsurl = {http://adsabs.harvard.edu/abs/2016PhRvD..94d4031S},
  adsnote = {Provided by the SAO/NASA Astrophysics Data System}
}

@ARTICLE{Kahn2016,
   author = {{Khan}, S. and {Husa}, S. and {Hannam}, M. and {Ohme}, F. and
	{P{\"u}rrer}, M. and {Forteza}, X.~J. and {Boh{\'e}}, A.},
    title = "{Frequency-domain gravitational waves from nonprecessing black-hole binaries. II. A phenomenological model for the advanced detector era}",
  journal = {\prd},
archivePrefix = "arXiv",
   eprint = {1508.07253},
 primaryClass = "gr-qc",
     year = 2016,
    month = feb,
   volume = 93,
   number = 4,
      eid = {044007},
    pages = {044007},
      doi = {10.1103/PhysRevD.93.044007},
   adsurl = {http://adsabs.harvard.edu/abs/2016PhRvD..93d4007K},
  adsnote = {Provided by the SAO/NASA Astrophysics Data System}
}

@ARTICLE{Chatziioannou2017,
   author = {{Chatziioannou}, K. and {Klein}, A. and {Yunes}, N. and {Cornish}, N.
	},
    title = "{Constructing gravitational waves from generic spin-precessing compact binary inspirals}",
  journal = {\prd},
archivePrefix = "arXiv",
   eprint = {1703.03967},
 primaryClass = "gr-qc",
     year = 2017,
    month = may,
   volume = 95,
   number = 10,
      eid = {104004},
    pages = {104004},
      doi = {10.1103/PhysRevD.95.104004},
   adsurl = {http://adsabs.harvard.edu/abs/2017PhRvD..95j4004C},
  adsnote = {Provided by the SAO/NASA Astrophysics Data System}
}

@ARTICLE{Taracchini2014,
       author = {{Taracchini}, Andrea and {Buonanno}, Alessandra and {Pan}, Yi and
        {Hinderer}, Tanja and {Boyle}, Michael and {Hemberger}, Daniel
        A. and {Kidder}, Lawrence E. and {Lovelace}, Geoffrey and
        {Mrou{\'e}}, Abdul H. and {Pfeiffer}, Harald P. and {Scheel},
        Mark A. and {Szil{\'a}gyi}, B{\'e}la and {Taylor}, Nicholas W.
        and {Zenginoglu}, Anil},
        title = "{Effective-one-body model for black-hole binaries with generic mass
        ratios and spins}",
      journal = {\prd},
     keywords = {04.25.D-, 04.25.dg, 04.25.Nx, 04.30.-w, Numerical relativity, Numerical
        studies of black holes and black-hole binaries, Post-Newtonian
        approximation, perturbation theory, related approximations,
        Gravitational waves: theory},
         year = 2014,
        month = Mar,
       volume = {89},
          eid = {061502},
        pages = {061502},
          doi = {10.1103/PhysRevD.89.061502},
archivePrefix = {arXiv},
       eprint = {1311.2544},
       adsurl = {https://ui.adsabs.harvard.edu/#abs/2014PhRvD..89f1502T},
      adsnote = {Provided by the SAO/NASA Astrophysics Data System}
}

@ARTICLE{Veitch2015,
       author = {{Veitch}, J. and {Raymond}, V. and {Farr}, B. and {Farr}, W. and
        {Graff}, P. and {Vitale}, S. and {Aylott}, B. and {Blackburn},
        K. and {Christensen}, N. and {Coughlin}, M. and {Del Pozzo}, W.
        and {Feroz}, F. and {Gair}, J. and {Haster}, C. -J. and
        {Kalogera}, V. and {Littenberg}, T. and {Mandel}, I. and
        {O'Shaughnessy}, R. and {Pitkin}, M. and {Rodriguez}, C. and
        {R{\"o}ver}, C. and {Sidery}, T. and {Smith}, R. and {Van Der
        Sluys}, M. and {Vecchio}, A. and {Vousden}, W. and {Wade}, L.},
        title = "{Parameter estimation for compact binaries with ground-based
        gravitational-wave observations using the LALInference software
        library}",
      journal = {\prd},
     keywords = {02.50.Tt, 04.30.-w, 95.85.Sz, Inference methods, Gravitational waves:
        theory, Gravitational radiation magnetic fields and other
        observations, General Relativity and Quantum Cosmology,
        Astrophysics - High Energy Astrophysical Phenomena, Astrophysics
        - Instrumentation and Methods for Astrophysics},
         year = 2015,
        month = Feb,
       volume = {91},
          eid = {042003},
        pages = {042003},
          doi = {10.1103/PhysRevD.91.042003},
archivePrefix = {arXiv},
       eprint = {1409.7215},
       adsurl = {https://ui.adsabs.harvard.edu/#abs/2015PhRvD..91d2003V},
      adsnote = {Provided by the SAO/NASA Astrophysics Data System}
}

@ARTICLE{GW150914-PE,
       author = {{Abbott}, B.~P. and {Abbott}, R. and {Abbott}, T.~D. and {Abernathy},
        M.~R. and {Acernese}, F. and {Ackley}, K. and {Adams}, C. and
        {Adams}, T. and {Addesso}, P. and {Adhikari}, R.~X. and {Adya},
        V.~B. and {Affeldt}, C. and {Agathos}, M. and {Agatsuma}, K. and
        {Aggarwal}, N. and {Aguiar}, O.~D. and {Aiello}, L. and {Ain},
        A. and {Ajith}, P. and {Allen}, B. and {Allocca}, A. and
        {Altin}, P.~A. and {Anderson}, S.~B. and {Anderson}, W.~G. and
        {Arai}, K. and {Araya}, M.~C. and {Arceneaux}, C.~C. and
        {Areeda}, J.~S. and {Arnaud}, N. and {Arun}, K.~G. and
        {Ascenzi}, S. and {Ashton}, G. and {Ast}, M. and {Aston}, S.~M.
        and {Astone}, P. and others},
        title = "{Properties of the Binary Black Hole Merger GW150914}",
      journal = {\prl},
     keywords = {General Relativity and Quantum Cosmology, Astrophysics - High Energy
        Astrophysical Phenomena},
         year = 2016,
        month = Jun,
       volume = {116},
          eid = {241102},
        pages = {241102},
          doi = {10.1103/PhysRevLett.116.241102},
       adsurl = {https://ui.adsabs.harvard.edu/#abs/2016PhRvL.116x1102A},
      adsnote = {Provided by the SAO/NASA Astrophysics Data System}
}

@ARTICLE{Fishbach2018,
       author = {{Fishbach}, Maya and {Holz}, Daniel E. and {Farr}, Will M.},
        title = "{Does the Black Hole Merger Rate Evolve with Redshift?}",
      journal = {ArXiv e-prints},
     keywords = {Astrophysics - High Energy Astrophysical Phenomena, General Relativity
        and Quantum Cosmology},
         year = 2018,
        month = May,
          eid = {arXiv:1805.10270},
        pages = {arXiv:1805.10270},
archivePrefix = {arXiv},
       eprint = {1805.10270},
       adsurl = {https://ui.adsabs.harvard.edu/#abs/2018arXiv180510270F},
      adsnote = {Provided by the SAO/NASA Astrophysics Data System}
}

@ARTICLE{GW170814,
       author = {{Abbott}, B.~P. and {Abbott}, R. and {Abbott}, T.~D. and {Acernese}, F.
        and {Ackley}, K. and {Adams}, C. and {Adams}, T. and {Addesso},
        P. and {Adhikari}, R.~X. and {Adya}, V.~B. and {Affeldt}, C. and
        {Afrough}, M. and {Agarwal}, B. and {Agathos}, M. and
        {Agatsuma}, K. and {Aggarwal}, N. and {Aguiar}, O.~D. and
        {Aiello}, L. and {Ain}, A. and {Ajith}, P. and {Allen}, B. and
        {Allen}, G. and {Allocca}, A. and {Altin}, P.~A. and {Amato}, A.
        and {Ananyeva}, A. and {Anderson}, S.~B. and {Anderson}, W.~G.
        and {Angelova}, S.~V. and {Antier}, S. and {Appert}, S. and
        {Arai}, K. and {Araya}, M.~C. and {Areeda}, J.~S. and {Arnaud},
        N. and {Arun}, K.~G. and {Ascenzi}, S. and {Ashton}, G. and
        {Ast}, M. and {Aston}, S.~M. and {Astone}, P. and others},
        title = "{GW170814: A Three-Detector Observation of Gravitational Waves from a
        Binary Black Hole Coalescence}",
      journal = {\prl},
     keywords = {General Relativity and Quantum Cosmology, Astrophysics - High Energy
        Astrophysical Phenomena},
         year = 2017,
        month = Oct,
       volume = {119},
          eid = {141101},
        pages = {141101},
          doi = {10.1103/PhysRevLett.119.141101},
       adsurl = {https://ui.adsabs.harvard.edu/#abs/2017PhRvL.119n1101A},
      adsnote = {Provided by the SAO/NASA Astrophysics Data System}
}

@ARTICLE{AdvancedLIGO,
       author = {{LIGO Scientific Collaboration} and {Aasi}, J. and {Abbott}, B.~P. and
        {Abbott}, R. and {Abbott}, T. and {Abernathy}, M.~R. and
        {Ackley}, K. and {Adams}, C. and {Adams}, T. and {Addesso}, P.
        and {Adhikari}, R.~X. and {Adya}, V. and {Affeldt}, C. and
        {Aggarwal}, N. and {Aguiar}, O.~D. and {Ain}, A. and {Ajith}, P.
        and {Alemic}, A. and {Allen}, B. and {Amariutei}, D. and
        {Anderson}, S.~B. and {Anderson}, W.~G. and {Arai}, K. and
        {Araya}, M.~C. and {Arceneaux}, C. and {Areeda}, J.~S. and
        {Ashton}, G. and {Ast}, S. and {Aston}, S.~M. and {Aufmuth}, P.
        and {Aulbert}, C. and {Aylott}, B.~E. and others},
        title = "{Advanced LIGO}",
      journal = {Classical and Quantum Gravity},
     keywords = {General Relativity and Quantum Cosmology, Astrophysics - Instrumentation
        and Methods for Astrophysics, Physics - Instrumentation and
        Detectors},
         year = 2015,
        month = Apr,
       volume = {32},
          eid = {074001},
        pages = {074001},
          doi = {10.1088/0264-9381/32/7/074001},
archivePrefix = {arXiv},
       eprint = {1411.4547},
       adsurl = {https://ui.adsabs.harvard.edu/#abs/2015CQGra..32g4001L},
      adsnote = {Provided by the SAO/NASA Astrophysics Data System}
}

@ARTICLE{AdvancedVIRGO,
       author = {{Acernese}, F. and {Agathos}, M. and {Agatsuma}, K. and {Aisa}, D. and
        {Allemandou}, N. and {Allocca}, A. and {Amarni}, J. and
        {Astone}, P. and {Balestri}, G. and {Ballardin}, G. and
        {Barone}, F. and {Baronick}, J. -P. and {Barsuglia}, M. and
        {Basti}, A. and {Basti}, F. and {Bauer}, Th S. and {Bavigadda},
        V. and {Bejger}, M. and {Beker}, M.~G. and {Belczynski}, C. and
        {Bersanetti}, D. and {Bertolini}, A. and {Bitossi}, M. and
        {Bizouard}, M.~A. and {Bloemen}, S. and {Blom}, M. and {Boer},
        M. and {Bogaert}, G. and {Bondi}, D. and {Bondu}, F. and
        {Bonelli}, L. and {Bonnand}, R. and {Boschi}, V. and {Bosi}, L.
        and {Bouedo}, T. and {Bradaschia}, C. and {Branchesi}, M. and
        {Briant}, T. and {Brillet}, A. and others},
        title = "{Advanced Virgo: a second-generation interferometric gravitational wave
        detector}",
      journal = {Classical and Quantum Gravity},
     keywords = {General Relativity and Quantum Cosmology, Physics - Instrumentation and
        Detectors},
         year = 2015,
        month = Jan,
       volume = {32},
          eid = {024001},
        pages = {024001},
          doi = {10.1088/0264-9381/32/2/024001},
archivePrefix = {arXiv},
       eprint = {1408.3978},
       adsurl = {https://ui.adsabs.harvard.edu/#abs/2015CQGra..32b4001A},
      adsnote = {Provided by the SAO/NASA Astrophysics Data System}
}

@ARTICLE{Planck2016,
   author = {{Planck Collaboration} and {Ade}, P.~A.~R. and {Aghanim}, N. and
	{Arnaud}, M. and {Ashdown}, M. and {Aumont}, J. and {Baccigalupi}, C. and
	{Banday}, A.~J. and {Barreiro}, R.~B. and {Bartlett}, J.~G. and et al.},
    title = "{Planck 2015 results. XIII. Cosmological parameters}",
  journal = {\aap},
archivePrefix = "arXiv",
   eprint = {1502.01589},
 keywords = {cosmology: observations, cosmology: theory, cosmic background radiation, cosmological parameters},
     year = 2016,
    month = sep,
   volume = 594,
      eid = {A13},
    pages = {A13},
      doi = {10.1051/0004-6361/201525830},
   adsurl = {http://adsabs.harvard.edu/abs/2016A%26A...594A..13P},
  adsnote = {Provided by the SAO/NASA Astrophysics Data System}
}

@ARTICLE{Fishbach2017,
       author = {{Fishbach}, Maya and {Holz}, Daniel E.},
        title = "{Where Are LIGO{\textquoteright}s Big Black Holes?}",
      journal = {\apj},
     keywords = {binaries: general, gravitational waves, methods: data analysis, stars:
        black holes, stars: massive, Astrophysics - High Energy
        Astrophysical Phenomena, General Relativity and Quantum
        Cosmology},
         year = 2017,
        month = Dec,
       volume = {851},
          eid = {L25},
        pages = {L25},
          doi = {10.3847/2041-8213/aa9bf6},
       adsurl = {https://ui.adsabs.harvard.edu/#abs/2017ApJ...851L..25F},
      adsnote = {Provided by the SAO/NASA Astrophysics Data System}
}

@ARTICLE{Farr2011,
       author = {{Farr}, Will M. and {Sravan}, Niharika and {Cantrell}, Andrew and
        {Kreidberg}, Laura and {Bailyn}, Charles D. and {Mandel}, Ilya
        and {Kalogera}, Vicky},
        title = "{The Mass Distribution of Stellar-mass Black Holes}",
      journal = {\apj},
     keywords = {methods: data analysis, X-rays: binaries, Astrophysics - Astrophysics of
        Galaxies},
         year = 2011,
        month = Nov,
       volume = {741},
          eid = {103},
        pages = {103},
          doi = {10.1088/0004-637X/741/2/103},
archivePrefix = {arXiv},
       eprint = {1011.1459},
       adsurl = {https://ui.adsabs.harvard.edu/#abs/2011ApJ...741..103F},
      adsnote = {Provided by the SAO/NASA Astrophysics Data System}
}

@ARTICLE{Kreidberg2012,
       author = {{Kreidberg}, Laura and {Bailyn}, Charles D. and {Farr}, Will M. and
        {Kalogera}, Vicky},
        title = "{Mass Measurements of Black Holes in X-Ray Transients: Is There a Mass
        Gap?}",
      journal = {\apj},
     keywords = {black hole physics, X-rays: binaries, Astrophysics - High Energy
        Astrophysical Phenomena, Astrophysics - Astrophysics of Galaxies},
         year = 2012,
        month = Sep,
       volume = {757},
          eid = {36},
        pages = {36},
          doi = {10.1088/0004-637X/757/1/36},
archivePrefix = {arXiv},
       eprint = {1205.1805},
       adsurl = {https://ui.adsabs.harvard.edu/#abs/2012ApJ...757...36K},
      adsnote = {Provided by the SAO/NASA Astrophysics Data System}
}

@ARTICLE{Ozel2010,
       author = {{{\"O}zel}, Feryal and {Psaltis}, Dimitrios and {Narayan}, Ramesh and
        {McClintock}, Jeffrey E.},
        title = "{The Black Hole Mass Distribution in the Galaxy}",
      journal = {\apj},
     keywords = {black hole physics, X-rays: binaries, Astrophysics - Astrophysics of
        Galaxies},
         year = 2010,
        month = Dec,
       volume = {725},
        pages = {1918-1927},
          doi = {10.1088/0004-637X/725/2/1918},
archivePrefix = {arXiv},
       eprint = {1006.2834},
       adsurl = {https://ui.adsabs.harvard.edu/#abs/2010ApJ...725.1918O},
      adsnote = {Provided by the SAO/NASA Astrophysics Data System}
}

@ARTICLE{O1-BBH,
       author = {{Abbott}, B.~P. and {Abbott}, R. and {Abbott}, T.~D. and {Abernathy},
        M.~R. and {Acernese}, F. and {Ackley}, K. and {Adams}, C. and
        {Adams}, T. and {Addesso}, P. and {Adhikari}, R.~X. and {Adya},
        V.~B. and {Affeldt}, C. and {Agathos}, M. and {Agatsuma}, K. and
        {Aggarwal}, N. and {Aguiar}, O.~D. and {Aiello}, L. and {Ain},
        A. and {Ajith}, P. and {Allen}, B. and {Allocca}, A. and
        {Altin}, P.~A. and {Anderson}, S.~B. and {Anderson}, W.~G. and
        {Arai}, K. and {Araya}, M.~C. and {Arceneaux}, C.~C. and
        {Areeda}, J.~S. and {Arnaud}, N. and {Arun}, K.~G. and
        {Ascenzi}, S. and {Ashton}, G. and {Ast}, M. and {Aston}, S.~M.
        and {Astone}, P. and others},
        title = "{Binary Black Hole Mergers in the First Advanced LIGO Observing Run}",
      journal = {Physical Review X},
     keywords = {General Relativity and Quantum Cosmology, Astrophysics - Cosmology and
        Nongalactic Astrophysics},
         year = 2016,
        month = Oct,
       volume = {6},
          eid = {041015},
        pages = {041015},
          doi = {10.1103/PhysRevX.6.041015},
       adsurl = {https://ui.adsabs.harvard.edu/#abs/2016PhRvX...6d1015A},
      adsnote = {Provided by the SAO/NASA Astrophysics Data System}
}

@ARTICLE{Taylor2012,
       author = {{Taylor}, Stephen R. and {Gair}, Jonathan R. and {Mandel}, Ilya},
        title = "{Cosmology using advanced gravitational-wave detectors alone}",
      journal = {\prd},
     keywords = {98.80.Es, 04.30.Tv, 04.80.Nn, 95.85.Sz, Observational cosmology,
        Gravitational-wave astrophysics, Gravitational wave detectors
        and experiments, Gravitational radiation magnetic fields and
        other observations, General Relativity and Quantum Cosmology,
        Astrophysics - Cosmology and Extragalactic Astrophysics},
         year = 2012,
        month = Jan,
       volume = {85},
          eid = {023535},
        pages = {023535},
          doi = {10.1103/PhysRevD.85.023535},
archivePrefix = {arXiv},
       eprint = {1108.5161},
       adsurl = {https://ui.adsabs.harvard.edu/#abs/2012PhRvD..85b3535T},
      adsnote = {Provided by the SAO/NASA Astrophysics Data System}
}

@ARTICLE{Messenger2012,
       author = {{Messenger}, C. and {Read}, J.},
        title = "{Measuring a Cosmological Distance-Redshift Relationship Using Only
        Gravitational Wave Observations of Binary Neutron Star
        Coalescences}",
      journal = {\prl},
     keywords = {95.85.Sz, 26.60.Kp, 98.62.Py, 98.80.Es, Gravitational radiation magnetic
        fields and other observations, Equations of state of neutron-
        star matter, Distances redshifts radial velocities, spatial
        distribution of galaxies, Observational cosmology, General
        Relativity and Quantum Cosmology, Astrophysics - Cosmology and
        Nongalactic Astrophysics},
         year = 2012,
        month = Mar,
       volume = {108},
          eid = {091101},
        pages = {091101},
          doi = {10.1103/PhysRevLett.108.091101},
archivePrefix = {arXiv},
       eprint = {1107.5725},
       adsurl = {https://ui.adsabs.harvard.edu/#abs/2012PhRvL.108i1101M},
      adsnote = {Provided by the SAO/NASA Astrophysics Data System}
}

@ARTICLE{Hogg1999,
       author = {{Hogg}, David W.},
        title = "{Distance measures in cosmology}",
      journal = {ArXiv e-prints},
     keywords = {Astrophysics},
         year = 1999,
        month = May,
          eid = {astro-ph/9905116},
        pages = {astro-ph/9905116},
archivePrefix = {arXiv},
       eprint = {astro-ph/9905116},
 primaryClass = {Astrophysics},
       adsurl = {https://ui.adsabs.harvard.edu/#abs/1999astro.ph..5116H},
      adsnote = {Provided by the SAO/NASA Astrophysics Data System}
}

@ARTICLE{Astropy2018,
   author = {{The Astropy Collaboration} and {Price-Whelan}, A.~M. and {Sip{\H o}cz}, B.~M. and
	{G{\"u}nther}, H.~M. and {Lim}, P.~L. and {Crawford}, S.~M. and
	{Conseil}, S. and {Shupe}, D.~L. and {Craig}, M.~W. and {Dencheva}, N. and
	{Ginsburg}, A. and {VanderPlas}, J.~T. and {Bradley}, L.~D. and
	{P{\'e}rez-Su{\'a}rez}, D. and {de Val-Borro}, M. and {Aldcroft}, T.~L. and
	{Cruz}, K.~L. and {Robitaille}, T.~P. and {Tollerud}, E.~J. and
	{Ardelean}, C. and {Babej}, T. and {Bachetti}, M. and {Bakanov}, A.~V. and
	{Bamford}, S.~P. and {Barentsen}, G. and {Barmby}, P. and {Baumbach}, A. and
	{Berry}, K.~L. and {Biscani}, F. and {Boquien}, M. and {Bostroem}, K.~A. and
	{Bouma}, L.~G. and {Brammer}, G.~B. and {Bray}, E.~M. and {Breytenbach}, H. and
	{Buddelmeijer}, H. and {Burke}, D.~J. and {Calderone}, G. and
	{Cano Rodr{\'{\i}}guez}, J.~L. and {Cara}, M. and {Cardoso}, J.~V.~M. and
	{Cheedella}, S. and {Copin}, Y. and {Crichton}, D. and {D{\'A}vella}, D. and
	{Deil}, C. and {Depagne}, {\'E}. and {Dietrich}, J.~P. and {Donath}, A. and
	{Droettboom}, M. and {Earl}, N. and {Erben}, T. and {Fabbro}, S. and
	{Ferreira}, L.~A. and {Finethy}, T. and {Fox}, R.~T. and {Garrison}, L.~H. and
	{Gibbons}, S.~L.~J. and {Goldstein}, D.~A. and {Gommers}, R. and
	{Greco}, J.~P. and {Greenfield}, P. and {Groener}, A.~M. and
	{Grollier}, F. and {Hagen}, A. and {Hirst}, P. and {Homeier}, D. and
	{Horton}, A.~J. and {Hosseinzadeh}, G. and {Hu}, L. and {Hunkeler}, J.~S. and
	{Ivezi{\'c}}, {\v Z}. and {Jain}, A. and {Jenness}, T. and {Kanarek}, G. and
	{Kendrew}, S. and {Kern}, N.~S. and {Kerzendorf}, W.~E. and
	{Khvalko}, A. and {King}, J. and {Kirkby}, D. and {Kulkarni}, A.~M. and
	{Kumar}, A. and {Lee}, A. and {Lenz}, D. and {Littlefair}, S.~P. and
	{Ma}, Z. and {Macleod}, D.~M. and {Mastropietro}, M. and {McCully}, C. and
	{Montagnac}, S. and {Morris}, B.~M. and {Mueller}, M. and {Mumford}, S.~J. and
	{Muna}, D. and {Murphy}, N.~A. and {Nelson}, S. and {Nguyen}, G.~H. and
	{Ninan}, J.~P. and {N{\"o}the}, M. and {Ogaz}, S. and {Oh}, S. and
	{Parejko}, J.~K. and {Parley}, N. and {Pascual}, S. and {Patil}, R. and
	{Patil}, A.~A. and {Plunkett}, A.~L. and {Prochaska}, J.~X. and
	{Rastogi}, T. and {Reddy Janga}, V. and {Sabater}, J. and {Sakurikar}, P. and
	{Seifert}, M. and {Sherbert}, L.~E. and {Sherwood-Taylor}, H. and
	{Shih}, A.~Y. and {Sick}, J. and {Silbiger}, M.~T. and {Singanamalla}, S. and
	{Singer}, L.~P. and {Sladen}, P.~H. and {Sooley}, K.~A. and
	{Sornarajah}, S. and {Streicher}, O. and {Teuben}, P. and {Thomas}, S.~W. and
	{Tremblay}, G.~R. and {Turner}, J.~E.~H. and {Terr{\'o}n}, V. and
	{van Kerkwijk}, M.~H. and {de la Vega}, A. and {Watkins}, L.~L. and
	{Weaver}, B.~A. and {Whitmore}, J.~B. and {Woillez}, J. and
	{Zabalza}, V.},
    title = "{The Astropy Project: Building an inclusive, open-science project and status of the v2.0 core package}",
  journal = {ArXiv e-prints},
archivePrefix = "arXiv",
   eprint = {1801.02634},
 primaryClass = "astro-ph.IM",
 keywords = {Astrophysics - Instrumentation and Methods for Astrophysics},
     year = 2018,
    month = jan,
   adsurl = {http://adsabs.harvard.edu/abs/2018arXiv180102634T},
  adsnote = {Provided by the SAO/NASA Astrophysics Data System}
}

@ARTICLE{ObsScenarios,
       author = {{Abbott}, B.~P. and {Abbott}, R. and {Abbott}, T.~D. and {Abernathy},
        M.~R. and {Acernese}, F. and {Ackley}, K. and {Adams}, C. and
        {Adams}, T. and {Addesso}, P. and {Adhikari}, R.~X. and {Adya},
        V.~B. and {Affeldt}, C. and {Agathos}, M. and {Agatsuma}, K. and
        {Aggarwal}, N. and {Aguiar}, O.~D. and {Aiello}, L. and {Ain},
        A. and {Ajith}, P. and {Akutsu}, T. and {Allen}, B. and
        {Allocca}, A. and {Altin}, P.~A. and {Ananyeva}, A. and
        {Anderson}, S.~B. and {Anderson}, W.~G. and {Ando}, M. and
        {Appert}, S. and {Arai}, K. and {Araya}, A. and {Araya}, M.~C.
        and {Areeda}, J.~S. and {Arnaud}, N. and {Arun}, K.~G. and
        {Asada}, H. and {Ascenzi}, S. and {Ashton}, G. and {Aso}, Y. and
        {Ast}, M. and {Aston}, S.~M. and {Astone}, P. and others},
        title = "{Prospects for observing and localizing gravitational-wave transients
        with Advanced LIGO, Advanced Virgo and KAGRA}",
      journal = {Living Reviews in Relativity},
     keywords = {Gravitational waves, Gravitational-wave detectors, Electromagnetic
        counterparts, Data analysis, General Relativity and Quantum
        Cosmology, Astrophysics - High Energy Astrophysical Phenomena},
         year = 2018,
        month = Apr,
       volume = {21},
          eid = {3},
        pages = {3},
          doi = {10.1007/s41114-018-0012-9},
archivePrefix = {arXiv},
       eprint = {1304.0670},
 primaryClass = {General Relativity and Quantum Cosmology},
       adsurl = {https://ui.adsabs.harvard.edu/#abs/2018LRR....21....3A},
      adsnote = {Provided by the SAO/NASA Astrophysics Data System}
}

@ARTICLE{Holz2005,
       author = {{Holz}, Daniel E. and {Hughes}, Scott A.},
        title = "{Using Gravitational-Wave Standard Sirens}",
      journal = {\apj},
     keywords = {Black Hole Physics, Cosmology: Observations, Cosmology: Theory,
        Galaxies: Nuclei, Cosmology: Gravitational Lensing,
        Gravitational Waves, Astrophysics, General Relativity and
        Quantum Cosmology},
         year = 2005,
        month = Aug,
       volume = {629},
        pages = {15-22},
          doi = {10.1086/431341},
archivePrefix = {arXiv},
       eprint = {astro-ph/0504616},
 primaryClass = {astro-ph},
       adsurl = {https://ui.adsabs.harvard.edu/#abs/2005ApJ...629...15H},
      adsnote = {Provided by the SAO/NASA Astrophysics Data System}
}

@ARTICLE{Chernoff1993,
       author = {{Chernoff}, David F. and {Finn}, Lee S.},
        title = "{Gravitational Radiation, Inspiraling Binaries, and Cosmology}",
      journal = {\apj},
     keywords = {Binary Stars, Cosmology, Gravitational Effects, Neutron Stars,
        Computational Astrophysics, Maximum Likelihood Estimates, Red
        Shift, Stellar Orbits, Astrophysics, COSMOLOGY: DISTANCE SCALE,
        COSMOLOGY: THEORY, GRAVITATION, METHODS: STATISTICAL, STARS:
        BINARIES: CLOSE, General Relativity and Quantum Cosmology,
        Astrophysics},
         year = 1993,
        month = Jul,
       volume = {411},
        pages = {L5},
          doi = {10.1086/186898},
archivePrefix = {arXiv},
       eprint = {gr-qc/9304020},
 primaryClass = {gr-qc},
       adsurl = {https://ui.adsabs.harvard.edu/#abs/1993ApJ...411L...5C},
      adsnote = {Provided by the SAO/NASA Astrophysics Data System}
}

@ARTICLE{Wang1997,
       author = {{Wang}, Yun and {Turner}, Edwin L.},
        title = "{Cosmological constant and advanced gravitational wave detectors}",
      journal = {\prd},
     keywords = {98.80.Es, 04.80.Nn, Observational cosmology, Gravitational wave
        detectors and experiments, Astrophysics},
         year = 1997,
        month = Jul,
       volume = {56},
        pages = {724-729},
          doi = {10.1103/PhysRevD.56.724},
archivePrefix = {arXiv},
       eprint = {astro-ph/9603034},
 primaryClass = {astro-ph},
       adsurl = {https://ui.adsabs.harvard.edu/#abs/1997PhRvD..56..724W},
      adsnote = {Provided by the SAO/NASA Astrophysics Data System}
}

@ARTICLE{Finn1996,
       author = {{Finn}, Lee Samuel},
        title = "{Binary inspiral, gravitational radiation, and cosmology}",
      journal = {\prd},
     keywords = {04.30.Db, 04.80.Nn, 97.80.-d, 98.80.Es, Wave generation and sources,
        Gravitational wave detectors and experiments, Binary and
        multiple stars, Observational cosmology, General Relativity and
        Quantum Cosmology, Astrophysics},
         year = 1996,
        month = Mar,
       volume = {53},
        pages = {2878-2894},
          doi = {10.1103/PhysRevD.53.2878},
archivePrefix = {arXiv},
       eprint = {gr-qc/9601048},
 primaryClass = {gr-qc},
       adsurl = {https://ui.adsabs.harvard.edu/#abs/1996PhRvD..53.2878F},
      adsnote = {Provided by the SAO/NASA Astrophysics Data System}
}

@ARTICLE{Dalal2006,
       author = {{Dalal}, Neal and {Holz}, Daniel E. and {Hughes}, Scott A. and
         {Jain}, Bhuvnesh},
        title = "{Short GRB and binary black hole standard sirens as a probe of dark energy}",
      journal = {\prd},
     keywords = {04.30.Db, 95.36.+x, 98.70.Rz, 98.80.-k, Wave generation and sources, Dark energy, gamma-ray sources, gamma-ray bursts, Cosmology, Astrophysics, General Relativity and Quantum Cosmology},
         year = "2006",
        month = "Sep",
       volume = {74},
          eid = {063006},
        pages = {063006},
          doi = {10.1103/PhysRevD.74.063006},
archivePrefix = {arXiv},
       eprint = {astro-ph/0601275},
 primaryClass = {astro-ph},
       adsurl = {https://ui.adsabs.harvard.edu/abs/2006PhRvD..74f3006D},
      adsnote = {Provided by the SAO/NASA Astrophysics Data System}
}

@ARTICLE{O1O2Population,
       author = {{The LIGO Scientific Collaboration} and {the Virgo Collaboration} and
         {Abbott}, B.~P. and {Abbott}, R. and {Abbott}, T.~D. and {Abraham}, S. and
         {Acernese}, F. and {Ackley}, K. and {Adams}, C. and {Adhikari}, R.~X. and
         {Adya}, V.~B. and {Affeldt}, C. and {Agathos}, M. and {Agatsuma}, K. and
         {Aggarwal}, N. and {Aguiar}, O.~D. and {Aiello}, L. and {Ain}, A. and
         {Ajith}, P. and {Allen}, G. and {Allocca}, A. and {Aloy}, M.~A. and
         {Altin}, P.~A. and {Amato}, A. and {Ananyeva}, A. and
         {Anderson}, S.~B. and {Anderson}, W.~G. and {Angelova}, S.~V. and
         {Antier}, S. and {Appert}, S. and {Arai}, K. and {Araya}, M.~C. and
         {Areeda}, J.~S. and {Ar{\`e}ne}, M. and {Arnaud}, N. and others},
        title = "{Binary Black Hole Population Properties Inferred from the First and Second Observing Runs of Advanced LIGO and Advanced Virgo}",
      journal = {arXiv e-prints},
     keywords = {Astrophysics - High Energy Astrophysical Phenomena},
         year = "2018",
        month = "Nov",
          eid = {arXiv:1811.12940},
        pages = {arXiv:1811.12940},
archivePrefix = {arXiv},
       eprint = {1811.12940},
 primaryClass = {astro-ph.HE},
       adsurl = {https://ui.adsabs.harvard.edu/abs/2018arXiv181112940T},
      adsnote = {Provided by the SAO/NASA Astrophysics Data System}
}

@ARTICLE{GWTC-1,
       author = {{The LIGO Scientific Collaboration} and {the Virgo Collaboration} and
         {Abbott}, B.~P. and {Abbott}, R. and {Abbott}, T.~D. and {Abraham}, S. and
         {Acernese}, F. and {Ackley}, K. and {Adams}, C. and {Adhikari}, R.~X. and
         {Adya}, V.~B. and {Affeldt}, C. and {Agathos}, M. and {Agatsuma}, K. and
         {Aggarwal}, N. and {Aguiar}, O.~D. and {Aiello}, L. and {Ain}, A. and
         {Ajith}, P. and {Allen}, G. and {Allocca}, A. and {Aloy}, M.~A. and
         others},
        title = "{GWTC-1: A Gravitational-Wave Transient Catalog of Compact Binary Mergers Observed by LIGO and Virgo during the First and Second Observing Runs}",
      journal = {arXiv e-prints},
     keywords = {Astrophysics - High Energy Astrophysical Phenomena, Astrophysics - Cosmology and Nongalactic Astrophysics, General Relativity and Quantum Cosmology},
         year = "2018",
        month = "Nov",
          eid = {arXiv:1811.12907},
        pages = {arXiv:1811.12907},
archivePrefix = {arXiv},
       eprint = {1811.12907},
 primaryClass = {astro-ph.HE},
       adsurl = {https://ui.adsabs.harvard.edu/abs/2018arXiv181112907T},
      adsnote = {Provided by the SAO/NASA Astrophysics Data System}
}

@ARTICLE{Vitale2017,
       author = {{Vitale}, Salvatore and {Lynch}, Ryan and {Raymond}, Vivien and
         {Sturani}, Riccardo and {Veitch}, John and {Graff}, Philip},
        title = "{Parameter estimation for heavy binary-black holes with networks of second-generation gravitational-wave detectors}",
      journal = {\prd},
     keywords = {General Relativity and Quantum Cosmology},
         year = "2017",
        month = "Mar",
       volume = {95},
          eid = {064053},
        pages = {064053},
          doi = {10.1103/PhysRevD.95.064053},
archivePrefix = {arXiv},
       eprint = {1611.01122},
 primaryClass = {gr-qc},
       adsurl = {https://ui.adsabs.harvard.edu/abs/2017PhRvD..95f4053V},
      adsnote = {Provided by the SAO/NASA Astrophysics Data System}
}

@ARTICLE{GW150914Rate,
       author = {{Abbott}, B.~P. and {Abbott}, R. and {Abbott}, T.~D. and
         {Abernathy}, M.~R. and {Acernese}, F. and {Ackley}, K. and {Adams}, C. and
         {Adams}, T. and {Addesso}, P. and {Adhikari}, R.~X. and {Adya}, V.~B. and
         {Affeldt}, C. and {Agathos}, M. and {Agatsuma}, K. and {Aggarwal}, N. and
         {Aguiar}, O.~D. and {Aiello}, L. and {Ain}, A. and {Ajith}, P. and
         {Allen}, B. and {Allocca}, A. and {Altin}, P.~A. and {Anderson}, S.~B. and
         {Anderson}, W.~G. and {Arai}, K. and {Araya}, M.~C. and
         {Arceneaux}, C.~C. and {Areeda}, J.~S. and {Arnaud}, N. and
         {Arun}, K.~G. and {Ascenzi}, S. and {Ashton}, G. and others},
        title = "{The Rate of Binary Black Hole Mergers Inferred from Advanced LIGO Observations Surrounding GW150914}",
      journal = {\apj},
     keywords = {black holes, gravitational waves, stars: massive, Astrophysics - High Energy Astrophysical Phenomena, General Relativity and Quantum Cosmology},
         year = "2016",
        month = "Dec",
       volume = {833},
          eid = {L1},
        pages = {L1},
          doi = {10.3847/2041-8205/833/1/L1},
archivePrefix = {arXiv},
       eprint = {1602.03842},
 primaryClass = {astro-ph.HE},
       adsurl = {https://ui.adsabs.harvard.edu/abs/2016ApJ...833L...1A},
      adsnote = {Provided by the SAO/NASA Astrophysics Data System}
}

@ARTICLE{GW150914RateSupplement,
       author = {{Abbott}, B.~P. and {Abbott}, R. and {Abbott}, T.~D. and
         {Abernathy}, M.~R. and {Acernese}, F. and {Ackley}, K. and {Adams}, C. and
         {Adams}, T. and {Addesso}, P. and {Adhikari}, R.~X. and {Adya}, V.~B. and
         {Affeldt}, C. and {Agathos}, M. and {Agatsuma}, K. and {Aggarwal}, N. and
         {Aguiar}, O.~D. and {Aiello}, L. and {Ain}, A. and {Ajith}, P. and
         {Allen}, B. and {Allocca}, A. and {Altin}, P.~A. and {Anderson}, S.~B. and
         {Anderson}, W.~G. and {Arai}, K. and {Araya}, M.~C. and
         {Arceneaux}, C.~C. and {Areeda}, J.~S. and {Arnaud}, N. and
         {Arun}, K.~G. and {Ascenzi}, S. and {Ashton}, G. and {Ast}, M. and others},
        title = "{Supplement: ``The Rate of Binary Black Hole Mergers Inferred from Advanced LIGO Observations Surrounding GW150914'' (2016, ApJL, 833, L1)}",
      journal = {The Astrophysical Journal Supplement Series},
     keywords = {gravitational waves, stars: black holes, Astrophysics - High Energy Astrophysical Phenomena, Astrophysics - Instrumentation and Methods for Astrophysics},
         year = "2016",
        month = "Dec",
       volume = {227},
          eid = {14},
        pages = {14},
          doi = {10.3847/0067-0049/227/2/14},
archivePrefix = {arXiv},
       eprint = {1606.03939},
 primaryClass = {astro-ph.HE},
       adsurl = {https://ui.adsabs.harvard.edu/abs/2016ApJS..227...14A},
      adsnote = {Provided by the SAO/NASA Astrophysics Data System}
}

@ARTICLE{Feeney2019,
       author = {{Feeney}, Stephen M. and {Peiris}, Hiranya V. and
         {Williamson}, Andrew R. and {Nissanke}, Samaya M. and
         {Mortlock}, Daniel J. and {Alsing}, Justin and {Scolnic}, Dan},
        title = "{Prospects for Resolving the Hubble Constant Tension with Standard Sirens}",
      journal = {\prl},
     keywords = {Astrophysics - Cosmology and Nongalactic Astrophysics},
         year = "2019",
        month = "Feb",
       volume = {122},
       number = {6},
          eid = {061105},
        pages = {061105},
          doi = {10.1103/PhysRevLett.122.061105},
archivePrefix = {arXiv},
       eprint = {1802.03404},
 primaryClass = {astro-ph.CO},
       adsurl = {https://ui.adsabs.harvard.edu/abs/2019PhRvL.122f1105F},
      adsnote = {Provided by the SAO/NASA Astrophysics Data System}
}

@ARTICLE{Scolnic2018,
       author = {{Scolnic}, D.~M. and {Jones}, D.~O. and {Rest}, A. and {Pan}, Y.~C. and
         {Chornock}, R. and {Foley}, R.~J. and {Huber}, M.~E. and {Kessler}, R. and
         {Narayan}, G. and {Riess}, A.~G. and {Rodney}, S. and {Berger}, E. and
         {Brout}, D.~J. and {Challis}, P.~J. and {Drout}, M. and
         {Finkbeiner}, D. and {Lunnan}, R. and {Kirshner}, R.~P. and {Sand
        ers}, N.~E. and {Schlafly}, E. and {Smartt}, S. and {Stubbs}, C.~W. and
         {Tonry}, J. and {Wood-Vasey}, W.~M. and {Foley}, M. and {Hand}, J. and
         {Johnson}, E. and {Burgett}, W.~S. and {Chambers}, K.~C. and
         {Draper}, P.~W. and {Hodapp}, K.~W. and {Kaiser}, N. and
         {Kudritzki}, R.~P. and {Magnier}, E.~A. and {Metcalfe}, N. and
         {Bresolin}, F. and {Gall}, E. and {Kotak}, R. and {McCrum}, M. and
         {Smith}, K.~W.},
        title = "{The Complete Light-curve Sample of Spectroscopically Confirmed SNe Ia from Pan-STARRS1 and Cosmological Constraints from the Combined Pantheon Sample}",
      journal = {\apj},
     keywords = {cosmology: observations, dark energy, supernovae: general, Astrophysics - Cosmology and Nongalactic Astrophysics},
         year = "2018",
        month = "Jun",
       volume = {859},
       number = {2},
          eid = {101},
        pages = {101},
          doi = {10.3847/1538-4357/aab9bb},
archivePrefix = {arXiv},
       eprint = {1710.00845},
 primaryClass = {astro-ph.CO},
       adsurl = {https://ui.adsabs.harvard.edu/abs/2018ApJ...859..101S},
      adsnote = {Provided by the SAO/NASA Astrophysics Data System}
}

@ARTICLE{BOSS2015,
       author = {{Aubourg}, {\'E}ric and {Bailey}, Stephen and {Bautista}, Julian E. and
         {Beutler}, Florian and {Bhardwaj}, Vaishali and {Bizyaev}, Dmitry and
         {Blanton}, Michael and {Blomqvist}, Michael and {Bolton}, Adam S. and
         {Bovy}, Jo and {Brewington}, Howard and {Brinkmann}, J. and
         {Brownstein}, Joel R. and {Burden}, Angela and {Busca}, Nicol{\'a}s G. and
         {Carithers}, William and {Chuang}, Chia-Hsun and {Comparat}, Johan and
         {Croft}, Rupert A.~C. and {Cuesta}, Antonio J. and {Dawson}, Kyle S. and
         {Delubac}, Timoth{\'e}e and {Eisenstein}, Daniel J. and
         {Font-Ribera}, Andreu and {Ge}, Jian and {Le Goff}, J. -M. and
         {Gontcho}, Satya Gontcho A. and {Gott}, J. Richard and
         {Gunn}, James E. and {Guo}, Hong and {Guy}, Julien and
         {Hamilton}, Jean-Christophe and {Ho}, Shirley and {Honscheid}, Klaus and
         {Howlett}, Cullan and {Kirkby}, David and {Kitaura}, Francisco S. and
         {Kneib}, Jean-Paul and {Lee}, Khee-Gan and {Long}, Dan and
         {Lupton}, Robert H. and {Maga{\~n}a}, Mariana Vargas and
         {Malanushenko}, Viktor and {Malanushenko}, Elena and {Manera}, Marc and
         {Maraston}, Claudia and {Margala}, Daniel and {McBride}, Cameron K. and
         {Miralda-Escud{\'e}}, Jordi and {Myers}, Adam D. and
         {Nichol}, Robert C. and {Noterdaeme}, Pasquier and
         {Nuza}, Sebasti{\'a}n E. and {Olmstead}, Matthew D. and
         {Oravetz}, Daniel and {P{\^a}ris}, Isabelle and {Padmanabhan}, Nikhil and
         {Palanque-Delabrouille}, Nathalie and {Pan}, Kaike and
         {Pellejero-Ibanez}, Marcos and {Percival}, Will J. and
         {Petitjean}, Patrick and {Pieri}, Matthew M. and {Prada}, Francisco and
         {Reid}, Beth and {Rich}, James and {Roe}, Natalie A. and
         {Ross}, Ashley J. and {Ross}, Nicholas P. and {Rossi}, Graziano and
         {Rubi{\~n}o-Mart{\'\i}n}, Jose Alberto and {S{\'a}nchez}, Ariel G. and
         {Samushia}, Lado and {G{\'e}nova-Santos}, Ricardo Tanaus{\'u} and
         {Sc{\'o}ccola}, Claudia G. and {Schlegel}, David J. and
         {Schneider}, Donald P. and {Seo}, Hee-Jong and {Sheldon}, Erin and
         {Simmons}, Audrey and {Skibba}, Ramin A. and {Slosar}, An{\v{z}}e and
         {Strauss}, Michael A. and {Thomas}, Daniel and {Tinker}, Jeremy L. and
         {Tojeiro}, Rita and {Vazquez}, Jose Alberto and {Viel}, Matteo and
         {Wake}, David A. and {Weaver}, Benjamin A. and {Weinberg}, David H. and
         {Wood-Vasey}, W.~M. and {Y{\`e}che}, Christophe and {Zehavi}, Idit and
         {Zhao}, Gong-Bo and {BOSS Collaboration}},
        title = "{Cosmological implications of baryon acoustic oscillation measurements}",
      journal = {\prd},
     keywords = {98.80.-k, 95.36.+x, Cosmology, Dark energy, Astrophysics - Cosmology and Nongalactic Astrophysics, General Relativity and Quantum Cosmology, High Energy Physics - Experiment},
         year = "2015",
        month = "Dec",
       volume = {92},
       number = {12},
          eid = {123516},
        pages = {123516},
          doi = {10.1103/PhysRevD.92.123516},
archivePrefix = {arXiv},
       eprint = {1411.1074},
 primaryClass = {astro-ph.CO},
       adsurl = {https://ui.adsabs.harvard.edu/abs/2015PhRvD..92l3516A},
      adsnote = {Provided by the SAO/NASA Astrophysics Data System}
}

@ARTICLE{Aylor2019,
       author = {{Aylor}, Kevin and {Joy}, Mackenzie and {Knox}, Lloyd and
         {Millea}, Marius and {Raghunathan}, Srinivasan and {Kimmy Wu}, W.~L.},
        title = "{Sounds Discordant: Classical Distance Ladder and {\ensuremath{\Lambda}}CDM-based Determinations of the Cosmological Sound Horizon}",
      journal = {\apj},
     keywords = {cosmic background radiation, cosmological parameters, distance scale, galaxies: structure, Astrophysics - Cosmology and Nongalactic Astrophysics},
         year = "2019",
        month = "Mar",
       volume = {874},
       number = {1},
          eid = {4},
        pages = {4},
          doi = {10.3847/1538-4357/ab0898},
archivePrefix = {arXiv},
       eprint = {1811.00537},
 primaryClass = {astro-ph.CO},
       adsurl = {https://ui.adsabs.harvard.edu/abs/2019ApJ...874....4A},
      adsnote = {Provided by the SAO/NASA Astrophysics Data System}
}

@ARTICLE{Mortlock2018,
       author = {{Mortlock}, Daniel J. and {Feeney}, Stephen M. and {Peiris}, Hiranya V. and
         {Williamson}, Andrew R. and {Nissanke}, Samaya M.},
        title = "{Unbiased Hubble constant estimation from binary neutron star mergers}",
      journal = {arXiv e-prints},
     keywords = {Astrophysics - Cosmology and Nongalactic Astrophysics},
         year = "2018",
        month = "Nov",
          eid = {arXiv:1811.11723},
        pages = {arXiv:1811.11723},
archivePrefix = {arXiv},
       eprint = {1811.11723},
 primaryClass = {astro-ph.CO},
       adsurl = {https://ui.adsabs.harvard.edu/abs/2018arXiv181111723M},
      adsnote = {Provided by the SAO/NASA Astrophysics Data System}
}

@ARTICLE{Cuesta2015,
       author = {{Cuesta}, Antonio J. and {Verde}, Licia and {Riess}, Adam and
         {Jimenez}, Raul},
        title = "{Calibrating the cosmic distance scale ladder: the role of the sound-horizon scale and the local expansion rate as distance anchors}",
      journal = {\mnras},
     keywords = {cosmology: observations, distance scale, large-scale structure of Universe, Astrophysics - Cosmology and Nongalactic Astrophysics},
         year = "2015",
        month = "Apr",
       volume = {448},
       number = {4},
        pages = {3463-3471},
          doi = {10.1093/mnras/stv261},
archivePrefix = {arXiv},
       eprint = {1411.1094},
 primaryClass = {astro-ph.CO},
       adsurl = {https://ui.adsabs.harvard.edu/abs/2015MNRAS.448.3463C},
      adsnote = {Provided by the SAO/NASA Astrophysics Data System}
}

@ARTICLE{Hogg2010,
       author = {{Hogg}, David W. and {Myers}, Adam D. and {Bovy}, Jo},
        title = "{Inferring the Eccentricity Distribution}",
      journal = {\apj},
     keywords = {binaries: general, methods: data analysis, methods: statistical, planetary systems, planets and satellites: fundamental parameters, stars: kinematics and dynamics, Astrophysics - Solar and Stellar Astrophysics, Astrophysics - Earth and Planetary Astrophysics, Astrophysics - Instrumentation and Methods for Astrophysics, Physics - Data Analysis, Statistics and Probability},
         year = "2010",
        month = "Dec",
       volume = {725},
       number = {2},
        pages = {2166-2175},
          doi = {10.1088/0004-637X/725/2/2166},
archivePrefix = {arXiv},
       eprint = {1008.4146},
 primaryClass = {astro-ph.SR},
       adsurl = {https://ui.adsabs.harvard.edu/abs/2010ApJ...725.2166H},
      adsnote = {Provided by the SAO/NASA Astrophysics Data System}
}

@ARTICLE{Mandel2010,
       author = {{Mandel}, Ilya},
        title = "{Parameter estimation on gravitational waves from multiple coalescing binaries}",
      journal = {\prd},
     keywords = {04.30.Tv, 02.50.Ng, 07.05.Kf, 95.85.Sz, Gravitational-wave astrophysics, Distribution theory and Monte Carlo studies, Data analysis: algorithms and implementation, data management, Gravitational radiation magnetic fields and other observations, Astrophysics - High Energy Astrophysical Phenomena, Astrophysics - Cosmology and Extragalactic Astrophysics, Astrophysics - Instrumentation and Methods for Astrophysics, General Relativity and Quantum Cosmology, Physics - Data Analysis, Statistics and Probability},
         year = "2010",
        month = "Apr",
       volume = {81},
       number = {8},
          eid = {084029},
        pages = {084029},
          doi = {10.1103/PhysRevD.81.084029},
archivePrefix = {arXiv},
       eprint = {0912.5531},
 primaryClass = {astro-ph.HE},
       adsurl = {https://ui.adsabs.harvard.edu/abs/2010PhRvD..81h4029M},
      adsnote = {Provided by the SAO/NASA Astrophysics Data System}
}

@INPROCEEDINGS{Loredo2004,
       author = {{Loredo}, Thomas J.},
        title = "{Accounting for Source Uncertainties in Analyses of Astronomical Survey Data}",
     keywords = {02.50.Tt, 95.80.+p, Inference methods, Astronomical catalogs atlases sky surveys databases retrieval systems archives etc., Astrophysics, Physics - Data Analysis, Statistics and Probability},
    booktitle = {American Institute of Physics Conference Series},
         year = "2004",
       editor = {{Fischer}, Rainer and {Preuss}, Roland and {Toussaint}, Udo Von},
       series = {American Institute of Physics Conference Series},
       volume = {735},
        month = "Nov",
        pages = {195-206},
          doi = {10.1063/1.1835214},
archivePrefix = {arXiv},
       eprint = {astro-ph/0409387},
 primaryClass = {astro-ph},
       adsurl = {https://ui.adsabs.harvard.edu/abs/2004AIPC..735..195L},
      adsnote = {Provided by the SAO/NASA Astrophysics Data System}
}

@ARTICLE{Mandel2019,
       author = {{Mandel}, Ilya and {Farr}, Will M. and {Gair}, Jonathan R.},
        title = "{Extracting distribution parameters from multiple uncertain observations with selection biases}",
      journal = {\mnras},
     keywords = {gravitational waves, methods: data analysis, stars: neutron, Physics - Data Analysis, Statistics and Probability, Astrophysics - High Energy Astrophysical Phenomena},
         year = "2019",
        month = "Jun",
       volume = {486},
       number = {1},
        pages = {1086-1093},
          doi = {10.1093/mnras/stz896},
archivePrefix = {arXiv},
       eprint = {1809.02063},
 primaryClass = {physics.data-an},
       adsurl = {https://ui.adsabs.harvard.edu/abs/2019MNRAS.486.1086M},
      adsnote = {Provided by the SAO/NASA Astrophysics Data System}
}

@ARTICLE{Farr2019,
       author = {{Farr}, Will M.},
        title = "{Accuracy Requirements for Empirically Measured Selection Functions}",
      journal = {Research Notes of the American Astronomical Society},
     keywords = {Astrophysics - Instrumentation and Methods for Astrophysics},
         year = "2019",
        month = "May",
       volume = {3},
       number = {5},
          eid = {66},
        pages = {66},
          doi = {10.3847/2515-5172/ab1d5f},
archivePrefix = {arXiv},
       eprint = {1904.10879},
 primaryClass = {astro-ph.IM},
       adsurl = {https://ui.adsabs.harvard.edu/abs/2019RNAAS...3e..66F},
      adsnote = {Provided by the SAO/NASA Astrophysics Data System}
}

@ARTICLE{Vitale2018,
       author = {{Vitale}, Salvatore and {Farr}, Will M.},
        title = "{Measuring the star formation rate with gravitational waves from binary black holes}",
      journal = {arXiv e-prints},
     keywords = {Astrophysics - High Energy Astrophysical Phenomena, General Relativity and Quantum Cosmology},
         year = "2018",
        month = "Aug",
          eid = {arXiv:1808.00901},
        pages = {arXiv:1808.00901},
archivePrefix = {arXiv},
       eprint = {1808.00901},
 primaryClass = {astro-ph.HE},
       adsurl = {https://ui.adsabs.harvard.edu/abs/2018arXiv180800901V},
      adsnote = {Provided by the SAO/NASA Astrophysics Data System}
}
